@book{Jacobson:1970:DDP,
author = {Jacobson, D.H. and Mayne, D.Q.},
title = {Differential Dynamic Programming},
year = {1970},
publisher = {Elsevier},
address = {Amsterdam}
}

@article{Cassioli:2012:MLG,
 	author = {Cassioli, A. and Di Lorenzo, D. and Locatelli, M. and Schoen, F. and Sciandrone, M.},
 	title = {Machine learning for global optimization},
 	journal = {Comput. Optim. Appl.},
 	issue_date = {January 2012},
 	volume = {51},
 	number = {1},
 	month = jan,
 	year = {2012},
 	pages = {279-303}
} 

@inproceedings{Ratliff:2009:CGO,
 	author = {Ratliff, Nathan and Zucker, Matt and Bagnell, J. Andrew and Srinivasa, Siddhartha},
 	title = {{CHOMP}: gradient optimization techniques for efficient motion planning},
 	booktitle = {Proceedings of the 2009 IEEE international conference on Robotics and Automation},
 	year = {2009},
 	pages = {4030-4035}
} 

@inproceedings{Schulman:2013:FLO,
	author = {John Schulman and Jonathan Ho and Alex Lee and Ibrahim Awwal and Henry Bradlow and Pieter Abbeel},
	title = {Finding Locally Optimal, Collision-Free Trajectories with Sequential Convex Optimization},
	booktitle = {Proceedings of Robotics: Science and Systems},
	year = {2013}
}

@article{Jetchev:2013:FMP,
 	author = {Jetchev, Nikolay and Toussaint, Marc},
 	title = {Fast motion planning from experience: trajectory prediction for speeding up movement generation},
 	journal = {Autonomous Robots},
 	volume = {34},
 	number = {1-2},
 	month = jan,
 	year = {2013},
 	pages = {111-127}
} 

@INPROCEEDINGS{Cameron:1997:CMP, 
author={Cameron, S.}, 
booktitle={Proceedings of International Conference on Robotics and Automation}, 
title={Enhancing {GJK}: computing minimum and penetration distances between convex polyhedra}, 
year={1997}, 
volume={4}, 
pages={3112-3117}
}

@inproceedings{Zhang:1995:EOA,
    author = {Jianwei Zhang and Alois Knoll},
    title = {An Enhanced Optimization Approach for Generating Smooth Robot Trajectories in the Presence of Obstacles},
    booktitle = {Proceedings of European Chinese Automation Conference},
    year = {1995},
    pages = {263-268}
}

@inproceedings{Atkeson:1994:ULT,
    author = {Christopher G. Atkeson},
    title = {Using Local Trajectory Optimizers To Speed Up Global Optimization In Dynamic Programming},
    booktitle = {Proceedings of Advances in Neural Information Processing Systems},
    year = {1994},
    pages = {663-670}
}

@inproceedings{Todorvo:2005:iLQG, 
	author={Todorov, E. and Weiwei Li}, 	
	booktitle={Proceedings of fAmerican Control Conference}, 
	title={A generalized iterative {LQG} method for locally-optimal feedback control of constrained nonlinear stochastic systems}, 
	year={2005}, 
	pages={300-306 vol. 1}
}

@inproceedings{Toussaint:2009:RTO,
 	author = {Toussaint, Marc},
 	title = {Robot trajectory optimization using approximate inference},
 	booktitle = {Proceedings of International Conference on Machine Learning},
 	year = {2009},
 	pages = {1049-1056}
} 

@inproceedings{Tassa:2012:SSC, 
	author={Tassa, Y. and Erez, T. and Todorov, E.}, 
	booktitle={Proceedings of International Conference on Intelligent Robots and Systems}, 
	title={Synthesis and stabilization of complex behaviors through online 	trajectory optimization}, 
	year={2012}, 
	pages={4906-4913}
}

@article{Mordatch:2012:DCB,
 	author = {Mordatch, Igor and Todorov, Emanuel and Popovi\'{c}, Zoran},
 	title = {Discovery of complex behaviors through contact-invariant optimization},
 	journal = {ACM Trans. Graph.},
 	volume = {31},
 	number = {4},
 	month = jul,
 	year = {2012},
 	pages = {43:1-43:8}
} 

@inproceedings{Erez:2012:TOD, 
	author={Erez, T. and Todorov, E.}, 
	booktitle={Proceedings of International Conference on Intelligent Robots and Systems}, 
	title={Trajectory optimization for domains with contacts using inverse dynamics}, 
	year={2012}, 
	pages={4914-4919}
}


@inproceedings{Warren:1989:GPP,
	author = {Charles W. Warren},
	title = {Global Path Planning Using Artificial Potential Fields},
	booktitle = {Proceedings of International Conference on Robotics and Automation},
	year = {1989},
	pages = {316-321}
}

@inproceedings{Khatib:1985:ROA, 
	author={Khatib, O.}, 
	booktitle={Proceedings of International Conference on Robotics and Automation}, 
	title={Real-time obstacle avoidance for manipulators and mobile robots}, 
	year={1985}, 
	volume={2}, 
	pages={500-505}
}

@inproceedings{Quinlan:1993:EBC, 
	author={Quinlan, S. and Khatib, O.}, 
	booktitle={Proceedings of International Conference on Robotics and Automation}, 
	title={Elastic bands: connecting path planning and control}, 
	year={1993}, 
	pages={802-807},
	volume = {2}
}

@article{Lengagne:2013:GWO,
	author = {Sebastien Lengagne and Joris Vaillant and Eiichi Yoshida and Abderrahmane Kheddar},
	journal = {International Journal of Robotics Research},
	title = {Generation of Whole-body Optimal Dynamic Multi-contact Motions},
	year = {2013},
	pages = {to appear},
}

@inproceedings{Kalakrishnan:2011:STOMP,
	author = {M. Kalakrishnan and S. Chitta and E. Theodorou and P. Pastor and S. Schaal},
	booktitle = {Proceedings of International Conference on Robotics and Automation},
	title = {{STOMP}: Stochastic trajectory optimization for motion planning},
	year = {2011},
	pages = {4569-4574}
}

@incollection{Posa:2013:DTO,
  author = {Michael Posa and Russ Tedrake},
  title = {Direct Trajectory Optimization of Rigid Body Dynamical Systems Through Contact},
  editor = {Emilio Frazzoli and Tomas Lozano-Perez and Nicholas Roy and Daniela Rus},
  booktitle = {Algorithmic Foundations of Robotics X, Springer Tracts in Advanced Robotics, Volume 86},
  year = {2013},
  publisher = {Springer},
  pages = {527-542}
}


@inproceedings{Xavier:1997:FSV, 
	author={Xavier, P.G.}, 
	booktitle={Proceedings of International Conference on Robotics and Automation}, 
	title={Fast swept-volume distance for robust collision detection}, 
	year={1997}, 
	pages={1162-1169 vol.2}
}

@article{Gilbert:1988:GJK, 
	author={Gilbert, E.G. and Johnson, D.W. and Keerthi, S.S.}, 
	journal={IEEE Journal of Robotics and Automation}, 
	title={A fast procedure for computing the distance between complex objects in three-dimensional space}, 
	year={1988}, 
	volume={4}, 
	number={2}, 
	pages={193-203}}

@inproceedings{Bergen:2001:EPA,
	author = {Bergen, G.},
	year = {2001},
	title = {Proximity queries and penetration depth computation on 3D game objects},
	booktitle = {Game Developers Conference}
}

@inproceedings{Stolle:2007:TPT, 
author={Stolle, M. and Tappeiner, Hanns and Chestnutt, J. and Atkeson, C.G.}, 
booktitle={Proceedings of International Conference on Intelligent Robots and Systems}, 
title={Transfer of policies based on trajectory libraries}, 
year={2007}, 
pages={2981-2986}}

@inproceedings{Bentivegna:2006:LST, 
author={Bentivegna, D.C. and Atkeson, C.G. and Cheng, G.}, 
booktitle={Proceedings of International Conference on Intelligent Robots and Systems}, 
title={Learning Similar Tasks From Observation and Practice}, 
year={2006}, 
pages={2677-2683}}


@article{Lee:2008:TTC,
 author = {Lee, Jae-Gil and Han, Jiawei and Li, Xiaolei and Gonzalez, Hector},
 title = {{TraClass}: trajectory classification using hierarchical region-based and trajectory-based clustering},
 journal = {Proceedings of the VLDB Endowment},
 issue_date = {August 2008},
 volume = {1},
 number = {1},
 month = aug,
 year = {2008},
 pages = {1081-1094}
} 


@inproceedings{Frome:2004:ROR,
    author = {Andrea Frome and Daniel Huber and Ravi Kolluri and Thomas BÃ¼low and Jitendra Malik},
    title = {Recognizing Objects in Range Data Using Regional Point Descriptors},
    booktitle = {Proceedings of European Conference on Computer Vision},
    year = {2004},
    pages = {224-237}
}

@inproceedings{Kazhdan:2003:RIS,
 author = {Kazhdan, Michael and Funkhouser, Thomas and Rusinkiewicz, Szymon},
 title = {Rotation invariant spherical harmonic representation of 3D shape descriptors},
 booktitle = {Proceedings of Eurographics/ACM SIGGRAPH Symposium on Geometry Processing},
 year = {2003},
 pages = {156-164}
} 


@article{Yershova:2010:GUI,
 author = {Yershova, Anna and Jain, Swati and Lavalle, Steven M. and Mitchell, Julie C.},
 title = {Generating Uniform Incremental Grids on SO(3) Using the Hopf Fibration},
 journal = {International Journal of Robotics Research},
 volume = {29},
 number = {7},
 month = Jun,
 year = {2010},
 pages = {801-812}} 
 
@inproceedings{Berenson:2012:RPP,
author = {Dmitry Berenson and Pieter Abbeel and Ken Goldberg},
title = {A Robot Path Planning Framework that Learns from Experience},
booktitle = {Proceedings of International Conference on Robotics and Automation},
year = {2012},
pages = {3671-3678}
}


@article{Arikan:2006:CMC,
 author = {Arikan, Okan},
 title = {Compression of motion capture databases},
 journal = {ACM Transactions on Graphics},
 volume = {25},
 number = {3},
 year = {2006},
 pages = {890--897}}
 
 
@inproceedings{Sucan:2010:CPT,
author={Sucan, I.A. and Kalakrishnan, Mrinal and Chitta, S.}, 
booktitle={Proceedings of International Conference on Robotics and Automation}, 
title={Combining planning techniques for manipulation using realtime perception}, 
year={2010}, 
pages={2895-2901}
}

@article{Fan:2008:LLL,
 author = {Fan, Rong-En and Chang, Kai-Wei and Hsieh, Cho-Jui and Wang, Xiang-Rui and Lin, Chih-Jen},
 title = {{LIBLINEAR}: A Library for Large Linear Classification},
 journal = {Journal of Machine Learning Research},
 volume = {9},
 month = jun,
 year = {2008},
 pages = {1871-1874}
}
















